@article{GW15,
   title={Observation of Gravitational Waves from a Binary Black Hole Merger},
   volume={116},
   ISSN={1079-7114},
   url={http://dx.doi.org/10.1103/PhysRevLett.116.061102},
   DOI={10.1103/physrevlett.116.061102},
   number={6},
   journal={Physical Review Letters},
   publisher={American Physical Society (APS)},
   author = {B. P. Abbott et al. [LIGO Scientific and Virgo Collaborations]},
   year={2016},
   month={Feb} }

@article{Upasana15,
	doi = {10.1088/1475-7516/2015/05/045},
	url = {https://doi.org/10.1088/1475-7516/2015/05/045},
	year = 2015,
	month = {may},
	publisher = {{IOP} Publishing},
	volume = {2015},
	number = {05},
	pages = {045--045},
	author = {Upasana Das and Banibrata Mukhopadhyay},
	title = {Modified Einstein{\textquotesingle}s gravity as a possible missing link between sub- and super-Chandrasekhar type Ia supernovae},
	journal = {Journal of Cosmology and Astroparticle Physics},
	abstract = {We explore the effect of modification to Einstein's gravity in white dwarfs for the first time in the literature, to the best of our knowledge. This leads to significantly sub- and super-Chandrasekhar limiting masses of white dwarfs, determined by a single model parameter. On the other hand, type Ia supernovae (SNeIa), a key to unravel the evolutionary history of the universe, are believed to be triggered in white dwarfs having mass close to the Chandrasekhar limit. However, observations of several peculiar, under- and over-luminous SNeIa argue for exploding masses widely different from this limit. We argue that explosions of the modified gravity induced sub- and super-Chandrasekhar limiting mass white dwarfs result in under- and over-luminous SNeIa respectively, thus unifying these two apparently disjoint sub-classes and, hence, serving as a missing link. Our discovery raises two fundamental questions. Is the Chandrasekhar limit unique? Is Einstein's gravity the ultimate theory for understanding astronomical phenomena? Both the answers appear to be no!}
}

@article{Kalita18,
   title={Modified Einstein’s gravity to probe the sub- and super-Chandrasekhar limiting mass white dwarfs: a new perspective to unify under- and over-luminous type Ia supernovae},
   volume={2018},
   ISSN={1475-7516},
   url={http://dx.doi.org/10.1088/1475-7516/2018/09/007},
   DOI={10.1088/1475-7516/2018/09/007},
   number={09},
   journal={Journal of Cosmology and Astroparticle Physics},
   publisher={IOP Publishing},
   author={Kalita, Surajit and Mukhopadhyay, Banibrata},
   year={2018},
   month={Sep},
   pages={007–007} }

@article{Kalita_Bani,
   title={Asymptotically flat vacuum solution in modified theory of Einstein’s gravity},
   volume={79},
   ISSN={1434-6052},
   url={http://dx.doi.org/10.1140/epjc/s10052-019-7396-x},
   DOI={10.1140/epjc/s10052-019-7396-x},
   number={10},
   journal={The European Physical Journal C},
   publisher={Springer Science and Business Media LLC},
   author={Kalita, Surajit and Mukhopadhyay, Banibrata},
   year={2019},
   month={Oct} }


@book{Misner_Thorne_Wheeler_73,
   author = "Misner, Charles W. and Thorne, K. S. and Wheeler, J. A.",
    title = "{Gravitation}",
    isbn = "978-0-7167-0344-0, 978-0-691-17779-3",
    publisher = "W. H. Freeman",
    address = "San Francisco",
    year = "1973"
}

@article{Felice_Tsujikawa_10,
   title={f(R) Theories},
   volume={13},
   ISSN={1433-8351},
   url={http://dx.doi.org/10.12942/lrr-2010-3},
   DOI={10.12942/lrr-2010-3},
   number={1},
   journal={Living Reviews in Relativity},
   publisher={Springer Science and Business Media LLC},
   author={De Felice, Antonio and Tsujikawa, Shinji},
   year={2010},
   month={Jun} }

@article{Nojiri_Odintsov_Oikonomou_17,
title = {Modified gravity theories on a nutshell: Inflation, bounce and late-time evolution},
journal = {Physics Reports},
volume = {692},
pages = {1-104},
year = {2017},
note = {Modified Gravity Theories on a Nutshell: Inflation, Bounce and Late-time Evolution},
issn = {0370-1573},
doi = {https://doi.org/10.1016/j.physrep.2017.06.001},
url = {https://www.sciencedirect.com/science/article/pii/S0370157317301527},
author = {S. Nojiri and S.D. Odintsov and V.K. Oikonomou},
abstract = {We systematically review some standard issues and also the latest developments of modified gravity in cosmology, emphasizing on inflation, bouncing cosmology and late-time acceleration era. Particularly, we present the formalism of standard modified gravity theory representatives, like F(R), F(G) and F(T) gravity theories, but also several alternative theoretical proposals which appeared in the literature during the last decade. We emphasize on the formalism developed for these theories and we explain how these theories can be considered as viable descriptions for our Universe. Using these theories, we present how a viable inflationary era can be produced in the context of these theories, with the viability being justified if compatibility with the latest observational data is achieved. Also we demonstrate how bouncing cosmologies can actually be described by these theories. Moreover, we systematically discuss several qualitative features of the dark energy era by using the modified gravity formalism, and also we critically discuss how a unified description of inflation with dark energy era can be described by solely using the modified gravity framework. Finally, we also discuss some astrophysical solutions in the context of modified gravity, and several qualitative features of these solutions. The aim of this review is to gather the different modified gravity techniques and form a virtual modified gravity “toolbox”, which will contain all the necessary information on inflation, dark energy and bouncing cosmologies in the context of the various forms of modified gravity.}
}

@book{Weinberg_1972,
    author = "Weinberg, Steven",
    title = "{Gravitation and Cosmology}: {Principles and Applications of the General Theory of Relativity}",
    isbn = "978-0-471-92567-5, 978-0-471-92567-5",
    publisher = "John Wiley and Sons",
    address = "New York",
    year = "1972"
}

@article{NJA_Orig,
author = {Newman,E. T.  and Janis,A. I. },
title = {Note on the Kerr Spinning‐Particle Metric},
journal = {Journal of Mathematical Physics},
volume = {6},
number = {6},
pages = {915-917},
year = {1965},
doi = {10.1063/1.1704350},
URL = { https://doi.org/10.1063/1.1704350},
eprint = {https://doi.org/10.1063/1.1704350}
}

@article{NJA_1,
   title={Uniqueness of the Newman–Janis Algorithm in Generating the Kerr–Newman Metric},
   volume={32},
   ISSN={1572-9532},
   url={http://dx.doi.org/10.1023/A:1001920232180},
   DOI={10.1023/a:1001920232180},
   number={3},
   journal={General Relativity and Gravitation},
   publisher={Springer Science and Business Media LLC},
   author={Drake, S. P. and Szekeres, Peter},
   year={2000},
   month={Mar},
   pages={445–457} }


@article{NJA_Revisited,
   title={Newman-Janis Algorithm Revisited},
   volume={54},
   ISSN={1572-9575},
   url={http://dx.doi.org/10.1007/s10773-014-2225-3},
   DOI={10.1007/s10773-014-2225-3},
   number={1},
   journal={International Journal of Theoretical Physics},
   publisher={Springer Science and Business Media LLC},
   author={Brauer, O. and Camargo, H. A. and Socolovsky, M.},
   year={2014},
   month={Jul},
   pages={302–314} }

@article{Source_and_singularity,
   title={Janis–Newman Algorithm: Generating Rotating and NUT Charged Black Holes},
   volume={3},
   ISSN={2218-1997},
   url={http://dx.doi.org/10.3390/universe3010019},
   DOI={10.3390/universe3010019},
   number={1},
   journal={Universe},
   publisher={MDPI AG},
   author={Erbin, Harold},
   year={2017},
   month={Mar},
   pages={19} }
   
@article{Mut_Vij_06,
  title = {Spherically symmetric solutions of modified field equations in $f(R)$ theories of gravity},
  author = {Multam\"aki, T. and Vilja, I.},
  journal = {Phys. Rev. D},
  volume = {74},
  issue = {6},
  pages = {064022},
  numpages = {5},
  year = {2006},
  month = {Sep},
  publisher = {American Physical Society},
  doi = {10.1103/PhysRevD.74.064022},
  url = {https://link.aps.org/doi/10.1103/PhysRevD.74.064022}
}

@article{Charged_BH_Brane,
  title = {Charged rotating black holes on a 3-brane},
  author = {Aliev, A. N. and G\"umr\"uk\ifmmode \mbox{\c{c}}\else \c{c}\fi{}\"uo\ifmmode \breve{g}\else \u{g}\fi{}lu, A. E.},
  journal = {Phys. Rev. D},
  volume = {71},
  issue = {10},
  pages = {104027},
  numpages = {14},
  year = {2005},
  month = {May},
  publisher = {American Physical Society},
  doi = {10.1103/PhysRevD.71.104027},
  url = {https://link.aps.org/doi/10.1103/PhysRevD.71.104027}
}


@article{BH_Brane,
   title={Black holes on the brane},
   volume={487},
   ISSN={0370-2693},
   url={http://dx.doi.org/10.1016/S0370-2693(00)00798-X},
   DOI={10.1016/s0370-2693(00)00798-x},
   number={1–2},
   journal={Physics Letters B},
   publisher={Elsevier BV},
   author={Dadhich, Naresh and Maartens, Roy and Papadopoulos, Philippos and Rezania, Vahid},
   year={2000},
   month={Aug},
   pages={1–6} }

@ARTICLE{Hartle_Gravity_book,
       author = {{Hartle}, James B. and {Traschen}, Jennie},
        title = "{Gravity: An Introduction to Einstein's General Relativity}",
      journal = {Physics Today},
     keywords = {general relativity, space-time configurations, curvature measurement, tensors, teaching, causality, Einstein field equations, geometry},
         year = 2005,
        month = jan,
       volume = {58},
       number = {1},
        pages = {52-54},
          doi = {10.1063/1.2405550},
       adsurl = {https://ui.adsabs.harvard.edu/abs/2005PhT....58a..52H},
      adsnote = {Provided by the SAO/NASA Astrophysics Data System}
}

@misc{Shapiro_Teukolsky_book,
  title={A Wiley-Interscience Publication},
  author={Stuart L. Shapiro, Saul A. Teukolsky},
  year={1983},
  isbn = {978-0-471-87316-7},
  doi = {10.1002/9783527617661},
  publisher={New York: Wiley}
}

@article{Ryan,
  title = {Gravitational waves from the inspiral of a compact object into a massive, axisymmetric body with arbitrary multipole moments},
  author = {Ryan, Fintan D.},
  journal = {Phys. Rev. D},
  volume = {52},
  issue = {10},
  pages = {5707--5718},
  numpages = {0},
  year = {1995},
  month = {Nov},
  publisher = {American Physical Society},
  doi = {10.1103/PhysRevD.52.5707},
  url = {https://link.aps.org/doi/10.1103/PhysRevD.52.5707}
}

@article{c_Bambi_12,
   title={Probing the space-time geometry around black hole candidates with the resonance models for high-frequency QPOs and comparison with the continuum-fitting method},
   volume={2012},
   ISSN={1475-7516},
   url={http://dx.doi.org/10.1088/1475-7516/2012/09/014},
   DOI={10.1088/1475-7516/2012/09/014},
   number={09},
   journal={Journal of Cosmology and Astroparticle Physics},
   publisher={IOP Publishing},
   author={Bambi, Cosimo},
   year={2012},
   month={Sep},
   pages={014–014} }

   @ARTICLE{1980PhLB...91...99S,
       author = {{Starobinsky}, A.~A.},
        title = "{A new type of isotropic cosmological models without singularity}",
      journal = {Physics Letters B},
         year = 1980,
        month = mar,
       volume = {91},
       number = {1},
        pages = {99-102},
          doi = {10.1016/0370-2693(80)90670-X},
       adsurl = {https://ui.adsabs.harvard.edu/abs/1980PhLB...91...99S},
      adsnote = {Provided by the SAO/NASA Astrophysics Data System}
}

@article{PhysRevD.82.064033,
  title = {Neutron stars in $f(R)$ gravity with perturbative constraints},
  author = {Cooney, Alan and DeDeo, Simon and Psaltis, Dimitrios},
  journal = {Phys. Rev. D},
  volume = {82},
  issue = {6},
  pages = {064033},
  numpages = {7},
  year = {2010},
  month = {Sep},
  publisher = {American Physical Society},
  doi = {10.1103/PhysRevD.82.064033},
  url = {https://link.aps.org/doi/10.1103/PhysRevD.82.064033}
}

@article{Arapo_lu_2011,
	doi = {10.1088/1475-7516/2011/07/020},
	url = {https://doi.org/10.1088/1475-7516/2011/07/020},
	year = 2011,
	month = {jul},
	publisher = {{IOP} Publishing},
	volume = {2011},
	number = {07},
	pages = {020--020},
	author = {Sava{\c{s}} Arapo{\u{g}}lu and Cemsinan Deliduman and K. Yavuz Ek{\c{s}}i},
	title = {Constraints on perturbativef(R) gravity via neutron stars},
	journal = {Journal of Cosmology and Astroparticle Physics},
	abstract = {We study the structure of neutron stars in perturbative f(R) gravity models with realistic equations of state. We obtain mass-radius relations in a gravity model of the form f(R) = R+αR2. We find that deviations from the results of general relativity, comparable to the variations due to using different equations of state (EoS'), are induced for |α| ∼ 109 cm2. Some of the soft EoS' that are excluded within the framework of general relativity can be reconciled with the 2 solar mass neutron star recently observed for certain values of α within this range. For some of the EoS' we find that a new solution branch, which allows highly massive neutron stars, exists for values of α greater than a few 109 cm2. We find constraints on α for a variety of EoS' using the recent observational constraints on the mass-radius relation. These are all 5 orders of magnitude smaller than the recent constraint obtained via Gravity Probe B for this gravity model. The associated length scale cm is only an order of magnitude smaller than the typical radius of a neutron star, the probe used in this test. This implies that real deviations from general relativity can be even smaller.}
}

@ARTICLE{1969NCimR...1..252P,
       author = {{Penrose}, Roger},
        title = "{Gravitational Collapse: the Role of General Relativity}",
      journal = {Nuovo Cimento Rivista Serie},
         year = 1969,
        month = jan,
       volume = {1},
        pages = {252},
       adsurl = {https://ui.adsabs.harvard.edu/abs/1969NCimR...1..252P},
      adsnote = {Provided by the SAO/NASA Astrophysics Data System}
}

@ARTICLE{2002GReGr..34.1141P,
       author = {{Penrose}, R.},
        title = "{``Golden Oldie'': Gravitational Collapse: The Role of General Relativity}",
      journal = {General Relativity and Gravitation},
         year = 2002,
        month = jul,
       volume = {7},
        pages = {1141-1165},
          doi = {10.1023/A:1016578408204},
       adsurl = {https://ui.adsabs.harvard.edu/abs/2002GReGr..34.1141P},
      adsnote = {Provided by the SAO/NASA Astrophysics Data System}
}

@article{0004-637X-517-2-565,
  author={S. Perlmutter and G. Aldering and G. Goldhaber and R. A. Knop and P. Nugent and P. G. Castro and S. Deustua and S. Fabbro and A.
Goobar and D. E. Groom and I. M. Hook and A. G. Kim and M. Y. Kim and J. C. Lee and N. J. Nunes and R. Pain and C. R. Pennypacker and R.
Quimby and C. Lidman and R. S. Ellis and M. Irwin and R. G. McMahon and P. Ruiz-Lapuente and N. Walton and B. Schaefer and B. J.
Boyle and A. V. Filippenko and T. Matheson and A. S. Fruchter and N. Panagia and H. J. M. Newberg and W. J. Couch and The
Supernova Cosmology Project},
  title={Measurements of $\Omega$ and $\Lambda$ from 42 High-Redshift Supernovae},
  journal={The Astrophysical Journal},
  volume={517},
  number={2},
  pages={565},
  url={http://stacks.iop.org/0004-637X/517/i=2/a=565},
  year={1999}
}
@article{1538-3881-116-3-1009,
  author={Adam G. Riess and Alexei V. Filippenko and Peter Challis and Alejandro Clocchiatti and Alan Diercks and Peter M.
Garnavich and Ron L. Gilliland and Craig J. Hogan and Saurabh Jha and Robert P. Kirshner and B. Leibundgut and M. M.
Phillips and David Reiss and Brian P. Schmidt and Robert A. Schommer and R. Chris Smith and J. Spyromilio and Christopher
Stubbs and Nicholas B. Suntzeff and John Tonry},
  title={Observational Evidence from Supernovae for an Accelerating Universe and a Cosmological Constant},
  journal={The Astronomical Journal},
  volume={116},
  number={3},
  pages={1009},
  url={http://stacks.iop.org/1538-3881/116/i=3/a=1009},
  year={1998}
}
@article{0004-637X-607-2-665,
  author={Adam G. Riess and Louis-Gregory Strolger and John Tonry and Stefano Casertano and Henry C. Ferguson and Bahram
Mobasher and Peter Challis and Alexei V. Filippenko and Saurabh Jha and Weidong Li and Ryan Chornock and Robert P.
Kirshner and Bruno Leibundgut and Mark Dickinson and Mario Livio and Mauro Giavalisco and Charles C. Steidel and Txitxo
Benitez and Zlatan Tsvetanov},
  title={Type Ia Supernova Discoveries at z > 1 from the Hubble Space Telescope: Evidence for Past Deceleration and Constraints on Dark Energy Evolution},
  journal={The Astrophysical Journal},
  volume={607},
  number={2},
  pages={665},
  url={http://stacks.iop.org/0004-637X/607/i=2/a=665},
  year={2004}
}

@ARTICLE{2006Natur.443..308H,
   author = {{Howell}, D.~A. and {Sullivan}, M. and {Nugent}, P.~E. and {Ellis}, R.~S. and 
	{Conley}, A.~J. and {Le Borgne}, D. and {Carlberg}, R.~G. and 
	{Guy}, J. and {Balam}, D. and {Basa}, S. and {Fouchez}, D. and 
	{Hook}, I.~M. and {Hsiao}, E.~Y. and {Neill}, J.~D. and {Pain}, R. and 
	{Perrett}, K.~M. and {Pritchet}, C.~J.},
    title = "{The type Ia supernova SNLS-03D3bb from a super-Chandrasekhar-mass white dwarf star}",
  journal = {Nature},
   eprint = {astro-ph/0609616},
     year = 2006,
    month = sep,
   volume = 443,
    pages = {308-311},
      doi = {10.1038/nature05103},
   adsurl = {http://adsabs.harvard.edu/abs/2006Natur.443..308H},
  adsnote = {Provided by the SAO/NASA Astrophysics Data System}
}
@ARTICLE{2010ApJ...713.1073S,
   author = {{Scalzo}, R.~A. and {Aldering}, G. and {Antilogus}, P. and {Aragon}, C. and 
	{Bailey}, S. and {Baltay}, C. and {Bongard}, S. and {Buton}, C. and 
	{Childress}, M. and {Chotard}, N. and {Copin}, Y. and {Fakhouri}, H.~K. and 
	{Gal-Yam}, A. and {Gangler}, E. and {Hoyer}, S. and {Kasliwal}, M. and 
	{Loken}, S. and {Nugent}, P. and {Pain}, R. and {P{\'e}contal}, E. and 
	{Pereira}, R. and {Perlmutter}, S. and {Rabinowitz}, D. and 
	{Rau}, A. and {Rigaudier}, G. and {Runge}, K. and {Smadja}, G. and 
	{Tao}, C. and {Thomas}, R.~C. and {Weaver}, B. and {Wu}, C.},
    title = "{Nearby Supernova Factory Observations of SN 2007if: First Total Mass Measurement of a Super-Chandrasekhar-Mass Progenitor}",
  journal = {The Astrophysical Journal},
archivePrefix = "arXiv",
   eprint = {1003.2217},
 keywords = {supernovae: general, supernovae: individual: SNe 2003fg 2006gz 2007if 2009dc, white dwarfs},
     year = 2010,
    month = apr,
   volume = 713,
    pages = {1073-1094},
      doi = {10.1088/0004-637X/713/2/1073},
   adsurl = {http://adsabs.harvard.edu/abs/2010ApJ...713.1073S},
  adsnote = {Provided by the SAO/NASA Astrophysics Data System}
}

@ARTICLE{1992AJ....104.1543F,
   author = {{Filippenko}, A.~V. and {Richmond}, M.~W. and {Branch}, D. and 
	{Gaskell}, M. and {Herbst}, W. and {Ford}, C.~H. and {Treffers}, R.~R. and 
	{Matheson}, T. and {Ho}, L.~C. and {Dey}, A. and {Sargent}, W.~L.~W. and 
	{Small}, T.~A. and {van Breugel}, W.~J.~M.},
    title = "{The subluminous, spectroscopically peculiar type IA supernova 1991bg in the elliptical galaxy NGC 4374}",
  journal = {Astronomical Journal},
 keywords = {Elliptical Galaxies, Peculiar Stars, Stellar Spectrophotometry, Supernovae, Light Curve, Stellar Luminosity, Virgo Galactic Cluster},
     year = 1992,
    month = oct,
   volume = 104,
    pages = {1543-1556},
      doi = {10.1086/116339},
   adsurl = {http://adsabs.harvard.edu/abs/1992AJ....104.1543F},
  adsnote = {Provided by the SAO/NASA Astrophysics Data System}
}
@ARTICLE{1997MNRAS.284..151M,
   author = {{Mazzali}, P.~A. and {Chugai}, N. and {Turatto}, M. and {Lucy}, L.~B. and 
	{Danziger}, I.~J. and {Cappellaro}, E. and {della Valle}, M. and 
	{Benetti}, S.},
    title = "{The properties of the peculiar type IA supernova 1991bg - II. The amount of \^{}56Ni and the total ejecta mass determined from spectrum synthesis and energetics considerations}",
  journal = {Mon. Not. R. Astron. Soc.},
 keywords = {LINE: FORMATION, LINE: IDENTIFICATION, NUCLEAR REACTIONS, NUCLEOSYNTHESIS, ABUNDANCES, STARS: ABUNDANCES, SUPERNOVAE: INDIVIDUAL: SN 1991BG},
     year = 1997,
    month = jan,
   volume = 284,
    pages = {151-171},
      doi = {10.1093/mnras/284.1.151},
   adsurl = {http://adsabs.harvard.edu/abs/1997MNRAS.284..151M},
  adsnote = {Provided by the SAO/NASA Astrophysics Data System}
}
@ARTICLE{1998AJ....116.2431T,
   author = {{Turatto}, M. and {Piemonte}, A. and {Benetti}, S. and {Cappellaro}, E. and 
	{Mazzali}, P.~A. and {Danziger}, I.~J. and {Patat}, F.},
    title = "{A New Faint Type IA Supernova: SN 1997CN in NGC 5490}",
  journal = {Astronomical Journal},
   eprint = {astro-ph/9808013},
 keywords = {GALAXIES: EVOLUTION, STARS: POPULATION II, STARS: SUPERNOVAE: GENERAL, STARS: SUPERNOVAE: INDIVIDUAL: ALPHANUMERIC: SN 1997CN, STARS: SUPERNOVAE: INDIVIDUAL: ALPHANUMERIC: SN 1991BG},
     year = 1998,
    month = nov,
   volume = 116,
    pages = {2431-2437},
      doi = {10.1086/300622},
   adsurl = {http://adsabs.harvard.edu/abs/1998AJ....116.2431T},
  adsnote = {Provided by the SAO/NASA Astrophysics Data System}
}
@ARTICLE{2001PASP..113..308M,
   author = {{Modjaz}, M. and {Li}, W. and {Filippenko}, A.~V. and {King}, J.~Y. and 
	{Leonard}, D.~C. and {Matheson}, T. and {Treffers}, R.~R. and 
	{Riess}, A.~G.},
    title = "{The Subluminous Type Ia Supernova 1998de in NGC 252}",
  journal = {The Publications of the Astronomical Society of the Pacific},
   eprint = {astro-ph/0008012},
 keywords = {Stars: Supernovae: General, supernovae: individual (SN 1998de), Stars: Supernovae: Individual: Alphanumeric: SN 1991bg},
     year = 2001,
    month = mar,
   volume = 113,
    pages = {308-325},
      doi = {10.1086/319338},
   adsurl = {http://adsabs.harvard.edu/abs/2001PASP..113..308M},
  adsnote = {Provided by the SAO/NASA Astrophysics Data System}
}
@ARTICLE{2004ApJ...613.1120G,
   author = {{Garnavich}, P.~M. and {Bonanos}, A.~Z. and {Krisciunas}, K. and 
	{Jha}, S. and {Kirshner}, R.~P. and {Schlegel}, E.~M. and {Challis}, P. and 
	{Macri}, L.~M. and {Hatano}, K. and {Branch}, D. and {Bothun}, G.~D. and 
	{Freedman}, W.~L.},
    title = "{The Luminosity of SN 1999by in NGC 2841 and the Nature of ``Peculiar'' Type Ia Supernovae}",
  journal = {The Astrophysical Journal},
   eprint = {astro-ph/0105490},
 keywords = {Cosmology: Distance Scale, Galaxies: Individual: NGC Number: NGC 2841, Stars: Supernovae: General, Stars: Supernovae: Individual: Alphanumeric: SN 1957A, Stars: Supernovae: Individual: Alphanumeric: SN 1991bg, Stars: Supernovae: Individual: Alphanumeric: SN 1998bp, Stars: Supernovae: Individual: Alphanumeric: SN 1999by},
     year = 2004,
    month = oct,
   volume = 613,
    pages = {1120-1132},
      doi = {10.1086/422986},
   adsurl = {http://adsabs.harvard.edu/abs/2004ApJ...613.1120G},
  adsnote = {Provided by the SAO/NASA Astrophysics Data System}
}
@ARTICLE{2008MNRAS.385...75T,
   author = {{Taubenberger}, S. and {Hachinger}, S. and {Pignata}, G. and 
	{Mazzali}, P.~A. and {Contreras}, C. and {Valenti}, S. and {Pastorello}, A. and 
	{Elias-Rosa}, N. and {B{\"a}rnbantner}, O. and {Barwig}, H. and 
	{Benetti}, S. and {Dolci}, M. and {Fliri}, J. and {Folatelli}, G. and 
	{Freedman}, W.~L. and {Gonzalez}, S. and {Hamuy}, M. and {Krzeminski}, W. and 
	{Morrell}, N. and {Navasardyan}, H. and {Persson}, S.~E. and 
	{Phillips}, M.~M. and {Ries}, C. and {Roth}, M. and {Suntzeff}, N.~B. and 
	{Turatto}, M. and {Hillebrandt}, W.},
    title = "{The underluminous Type Ia supernova 2005bl and the class of objects similar to SN 1991bg}",
  journal = {Mon. Not. R. Astron. Soc.},
archivePrefix = "arXiv",
   eprint = {0711.4548},
 keywords = {supernovae: general , supernovae: individual: SN 2005bl , supernovae: individual: SN 1991bg , supernovae: individual: SN 1999by , supernovae: individual: SN 1998de , galaxies: individual: NGC 4070},
     year = 2008,
    month = mar,
   volume = 385,
    pages = {75-96},
      doi = {10.1111/j.1365-2966.2008.12843.x},
   adsurl = {http://adsabs.harvard.edu/abs/2008MNRAS.385...75T},
  adsnote = {Provided by the SAO/NASA Astrophysics Data System}
}

@ARTICLE{1931ApJ....74...81C,
   author = {{Chandrasekhar}, S.},
    title = "{The Maximum Mass of Ideal White Dwarfs}",
  journal = {The Astrophysical Journal},
     year = 1931,
    month = jul,
   volume = 74,
    pages = {81},
      doi = {10.1086/143324},
   adsurl = {http://adsabs.harvard.edu/abs/1931ApJ....74...81C},
  adsnote = {Provided by the SAO/NASA Astrophysics Data System}
}

@ARTICLE{2018ApJ...859...54L,
   author = {{Linares}, M. and {Shahbaz}, T. and {Casares}, J.},
    title = "{Peering into the Dark Side: Magnesium Lines Establish a Massive Neutron Star in PSR J2215+5135}",
  journal = {The Astrophysical Journal},
archivePrefix = "arXiv",
   eprint = {1805.08799},
 primaryClass = "astro-ph.HE",
 keywords = {binaries: general, pulsars: general, pulsars: individual: PSR J2215+5135, stars: neutron, stars: variables: general, X-rays: binaries},
     year = 2018,
    month = may,
   volume = 859,
      eid = {54},
    pages = {54},
      doi = {10.3847/1538-4357/aabde6},
   adsurl = {http://adsabs.harvard.edu/abs/2018ApJ...859...54L},
  adsnote = {Provided by the SAO/NASA Astrophysics Data System}
}
@article{0004-637X-728-2-95,
  author={M. H. van Kerkwijk and R. P. Breton and S. R. Kulkarni},
  title={Evidence for a Massive Neutron Star from a Radial-velocity Study of the Companion to the Black-widow Pulsar PSR B1957+20},
  journal={The Astrophysical Journal},
  volume={728},
  number={2},
  pages={95},
  url={http://stacks.iop.org/0004-637X/728/i=2/a=95},
  year={2011},
  doi = {10.1088/0004-637X/728/2/95},
}

@ARTICLE{2011JCAP...07..020A,
   author = {{Arapo{\v g}lu}, S. and {Deliduman}, C. and {Ek{\c s}i}, K.~Y.
	},
    title = "{Constraints on perturbative f(R) gravity via neutron stars}",
  journal = {JCAP},
archivePrefix = "arXiv",
   eprint = {1003.3179},
 primaryClass = "gr-qc",
     year = 2011,
    month = jul,
   volume = 7,
      eid = {020},
    pages = {020},
      doi = {10.1088/1475-7516/2011/07/020},
   adsurl = {http://adsabs.harvard.edu/abs/2011JCAP...07..020A},
  adsnote = {Provided by the SAO/NASA Astrophysics Data System}
}
@ARTICLE{2013JCAP...12..040A,
   author = {{Astashenok}, A.~V. and {Capozziello}, S. and {Odintsov}, S.~D.
	},
    title = "{Further stable neutron star models from f(R) gravity}",
  journal = {JCAP},
archivePrefix = "arXiv",
   eprint = {1309.1978},
 primaryClass = "gr-qc",
     year = 2013,
    month = dec,
   volume = 12,
      eid = {040},
    pages = {040},
      doi = {10.1088/1475-7516/2013/12/040},
   adsurl = {http://adsabs.harvard.edu/abs/2013JCAP...12..040A},
  adsnote = {Provided by the SAO/NASA Astrophysics Data System}
}

@ARTICLE{2014PhRvD..89j3509A,
   author = {{Astashenok}, A.~V. and {Capozziello}, S. and {Odintsov}, S.~D.
	},
    title = "{Maximal neutron star mass and the resolution of the hyperon puzzle in modified gravity}",
  journal = {Physical Review D},
archivePrefix = "arXiv",
   eprint = {1401.4546},
 primaryClass = "gr-qc",
 keywords = {Cosmology, Modified theories of gravity},
     year = 2014,
    month = may,
   volume = 89,
   number = 10,
      eid = {103509},
    pages = {103509},
      doi = {10.1103/PhysRevD.89.103509},
   adsurl = {http://adsabs.harvard.edu/abs/2014PhRvD..89j3509A},
  adsnote = {Provided by the SAO/NASA Astrophysics Data System}
}
@ARTICLE{2015JCAP...01..001A,
   author = {{Astashenok}, A.~V. and {Capozziello}, S. and {Odintsov}, S.~D.
	},
    title = "{Extreme neutron stars from Extended Theories of Gravity}",
  journal = {JCAP},
archivePrefix = "arXiv",
   eprint = {1408.3856},
 primaryClass = "gr-qc",
     year = 2015,
    month = jan,
   volume = 1,
      eid = {001},
    pages = {001},
      doi = {10.1088/1475-7516/2015/01/001},
   adsurl = {http://adsabs.harvard.edu/abs/2015JCAP...01..001A},
  adsnote = {Provided by the SAO/NASA Astrophysics Data System}
}



@ARTICLE{2017CQGra..34t5008A,
   author = {{Astashenok}, A.~V. and {Odintsov}, S.~D. and {de la Cruz-Dombriz}, {\'A}.
	},
    title = "{The realistic models of relativistic stars in $f(R) = R + {\alpha}R ^{2}$ gravity}",
  journal = {Classical and Quantum Gravity},
archivePrefix = "arXiv",
   eprint = {1704.08311},
 primaryClass = "gr-qc",
     year = 2017,
    month = oct,
   volume = 34,
   number = 20,
      eid = {205008},
    pages = {205008},
      doi = {10.1088/1361-6382/aa8971},
   adsurl = {http://adsabs.harvard.edu/abs/2017CQGra..34t5008A},
  adsnote = {Provided by the SAO/NASA Astrophysics Data System}
}

@INPROCEEDINGS{2016IJMPS..4160130A,
   author = {{Astashenok}, A.~V.},
    title = "{Neutron and quark stars in f(R) gravity}",
 keywords = {Modified gravity, neutron stars, strange stars, Neutron stars, Modified theories of gravity},
booktitle = {International Journal of Modern Physics Conference Series},
     year = 2016,
   series = {International Journal of Modern Physics Conference Series},
   volume = 41,
    month = mar,
      eid = {1660130},
    pages = {1660130},
      doi = {10.1142/S2010194516601307},
   adsurl = {http://adsabs.harvard.edu/abs/2016IJMPS..4160130A},
  adsnote = {Provided by the SAO/NASA Astrophysics Data System}
}

@ARTICLE{2015JCAP...05..045D,
   author = {{Das}, U. and {Mukhopadhyay}, B.},
    title = "{Modified Einstein's gravity as a possible missing link between sub- and super-Chandrasekhar type Ia supernovae}",
  journal = {JCAP},
archivePrefix = "arXiv",
   eprint = {1411.1515},
 primaryClass = "astro-ph.SR",
     year = 2015,
    month = may,
   volume = 5,
      eid = {045},
    pages = {045},
      doi = {10.1088/1475-7516/2015/05/045},
   adsurl = {http://adsabs.harvard.edu/abs/2015JCAP...05..045D},
  adsnote = {Provided by the SAO/NASA Astrophysics Data System}
}

@book{Will:2018bme,
    author = "Will, Clifford M.",
    title = "{Theory and Experiment in Gravitational Physics}",
    isbn = "978-1-108-67982-4, 978-1-107-11744-0",
    publisher = "Cambridge University Press",
    month = "9",
    year = "2018"
}

@article{Dvali_2000,
	doi = {10.1016/s0370-2693(00)00669-9},
  
	url = {https://doi.org/10.1016/2Fs0370-2693/2800/2900669-9},
  
	year = 2000,
	month = {jul},
  
	publisher = {Elsevier {BV}
},
  
	volume = {485},
  
	number = {1-3},
  
	pages = {208--214},
  
	author = {Gia Dvali and Gregory Gabadadze and Massimo Porrati},
  
	title = {4D gravity on a brane in 5D Minkowski space},
  
	journal = {Physics Letters B}
}

@article{Maartens_2004,
	doi = {10.12942/lrr-2004-7},
  
	url = {https://doi.org/10.12942%2Flrr-2004-7},
  
	year = 2004,
	month = {jun},
  
	publisher = {Springer Science and Business Media {LLC}
},
  
	volume = {7},
  
	number = {1},
  
	author = {Roy Maartens},
  
	title = {Brane-World Gravity},
  
	journal = {Living Reviews in Relativity}
}

@article{PhysRevD.70.083509,
  title = {Relativistic gravitation theory for the modified Newtonian dynamics paradigm},
  author = {Bekenstein, Jacob D.},
  journal = {Phys. Rev. D},
  volume = {70},
  issue = {8},
  pages = {083509},
  numpages = {28},
  year = {2004},
  month = {Oct},
  publisher = {American Physical Society},
  doi = {10.1103/PhysRevD.70.083509},
  url = {https://link.aps.org/doi/10.1103/PhysRevD.70.083509}
}

@article{PhysRevD.64.024028,
  title = {Gravity with a dynamical preferred frame},
  author = {Jacobson, Ted and Mattingly, David},
  journal = {Phys. Rev. D},
  volume = {64},
  issue = {2},
  pages = {024028},
  numpages = {9},
  year = {2001},
  month = {Jun},
  publisher = {American Physical Society},
  doi = {10.1103/PhysRevD.64.024028},
  url = {https://link.aps.org/doi/10.1103/PhysRevD.64.024028}
}

@article{Sotiriou_2010,
	doi = {10.1103/revmodphys.82.451},
	url = {https://doi.org/10.1103/2Frevmodphys.82.451},
	year = 2010,
	month = {mar},
	publisher = {American Physical Society ({APS})},
	volume = {82},
	number = {1},
	pages = {451--497},
	author = {Thomas P. Sotiriou and Valerio Faraoni},
	title = {$f(R)$ theories of gravity},
	journal = {Reviews of Modern Physics}
}

@incollection{Woodard,
	doi = {10.1007/978-3-540-71013-4_14},
  
	url = {https://doi.org/10.1007%2F978-3-540-71013-4_14},
  
	publisher = {Springer Berlin Heidelberg},
  
	pages = {403--433},
  
	author = {Richard Woodard},
  
	title = {Avoiding Dark Energy with 1/R Modifications of Gravity},
  
	booktitle = {Lecture Notes in Physics}
}


@book{Misner_Thrones,
title = {Gravitation},
author = {Charles W. Misner, Kip. S. Thorne, John A. Wheeler },
isbn = {978-0-7167-0344-0},
year = {1973},
publisher = {W. H. Freeman}
}

@book{M_Wald,
title = {General Relativity},
author = {Wald, Robert M.},
isbn = {978-0-226-87033-5},
year = {1984},
publisher = {University of Chicago Press}
}

@book{Sean,
title = {Spacetime and Geometry: An Introduction to General Relativity},
author = {Carroll, Sean M.},
isbn = {978-0-8053-8732-2},
year = {2004},
publisher = {San Francisco: Addison-Wesley}
}

@book{Christopher ,
title = {Spacetime and Geometry: An Introduction to General Relativity},
author = {Carroll, Sean M.},
isbn = {978-0-8053-8732-2},
year = {2004},
publisher = {San Francisco: Addison-Wesley}
}